<?xml version="1.0" encoding="UTF-8"?><collection xmlns="http://www.loc.gov/MARC21/slim"><record><leader>00363nam--2200133-i-4500</leader><controlfield tag="001">000040868</controlfield><controlfield tag="002">20161230</controlfield><controlfield tag="005">20161230201042</controlfield><controlfield tag="008">060222s1000------------r-----000-0-eng-d</controlfield><datafield ind1=" " ind2=" " tag="080"><subfield code="a">530.145:537.8(082.21)</subfield></datafield><datafield ind1=" " ind2=" " tag="100"><subfield code="a">Schwinger,Julian</subfield></datafield><datafield ind1=" " ind2=" " tag="245"><subfield code="a">Selected papers on quantum electrodynamics</subfield></datafield><datafield ind1=" " ind2=" " tag="260"><subfield code="a">New York, Dover Publ.,Inc.,1958. Xvii + 424 P</subfield></datafield><datafield ind1=" " ind2=" " tag="852"><subfield code="a">14875</subfield></datafield></record></collection>